@article{kurach2018gan,
  title={The Gan Landscape: Losses, Architectures, Regularization, and Normalization},
  author={Kurach, Karol and Lucic, Mario and Zhai, Xiaohua and Michalski, Marcin and Gelly, Sylvain},
  year={2018}
}

@article{arjovsky2017towards,
  title={Towards Principled Methods for Training Generative Adversarial Networks},
  author={Arjovsky, Martin and Bottou, L{\'e}on},
  journal={arXiv preprint arXiv:1701.04862},
  year={2017}
}

@article{goodfellow2014generative,
  title={Generative Adversarial Nets},
  author={Goodfellow, Ian and Pouget-Abadie, Jean and Mirza, Mehdi and Xu, Bing and Warde-Farley, David and Ozair, Sherjil and Courville, Aaron and Bengio, Yoshua},
  journal={Advances in neural information processing systems},
  volume={27},
  year={2014}
}

@inproceedings{arjovsky2017wasserstein,
  title={Wasserstein {GAN}},
  author={Arjovsky, Martin and Chintala, Soumith and Bottou, L{\'e}on},
  booktitle={International conference on machine learning},
  pages={214--223},
  year={2017},
  organization={PMLR}
}

@article{gulrajani2017improved,
  title={Improved Training of Wasserstein Gans},
  author={Gulrajani, Ishaan and Ahmed, Faruk and Arjovsky, Martin and Dumoulin, Vincent and Courville, Aaron C},
  journal={Advances in neural information processing systems},
  volume={30},
  year={2017}
}

@article{radford2015unsupervised,
  title={Unsupervised Representation Learning with Deep Convolutional Generative Adversarial Networks},
  author={Radford, Alec and Metz, Luke and Chintala, Soumith},
  journal={arXiv preprint arXiv:1511.06434},
  year={2015}
}

@article{miyato2018spectral,
  title={Spectral Normalization for Generative Adversarial Networks},
  author={Miyato, Takeru and Kataoka, Toshiki and Koyama, Masanori and Yoshida, Yuichi},
  journal={arXiv preprint arXiv:1802.05957},
  year={2018}
}

@article{pang2021image,
  title={Image-to-Image Translation: Methods and Applications},
  author={Pang, Yingxue and Lin, Jianxin and Qin, Tao and Chen, Zhibo},
  journal={IEEE Transactions on Multimedia},
  year={2021},
  publisher={IEEE}
}

@inproceedings{isola2017image,
  title={Image-to-Image Translation with Conditional Adversarial Networks},
  author={Isola, Phillip and Zhu, Jun-Yan and Zhou, Tinghui and Efros, Alexei A},
  booktitle={Proceedings of the IEEE conference on computer vision and pattern recognition},
  pages={1125--1134},
  year={2017}
}

@inproceedings{zhu2017unpaired,
  title={Unpaired Image-to-Image Translation using Cycle-Consistent Adversarial Networks},
  author={Zhu, Jun-Yan and Park, Taesung and Isola, Phillip and Efros, Alexei A},
  booktitle={Proceedings of the IEEE international conference on computer vision},
  pages={2223--2232},
  year={2017}
}

@inproceedings{huang2017arbitrary,
  title={Arbitrary Style Transfer in Real-Time with Adaptive Instance Normalization},
  author={Huang, Xun and Belongie, Serge},
  booktitle={Proceedings of the IEEE international conference on computer vision},
  pages={1501--1510},
  year={2017}
}

@inproceedings{liu2019few,
  title={Few-Shot Unsupervised Image-to-Image Translation},
  author={Liu, Ming-Yu and Huang, Xun and Mallya, Arun and Karras, Tero and Aila, Timo and Lehtinen, Jaakko and Kautz, Jan},
  booktitle={Proceedings of the IEEE/CVF International Conference on Computer Vision},
  pages={10551--10560},
  year={2019}
}

@inproceedings{saito2020coco,
  title={Coco-Funit: Few-Shot Unsupervised Image Translation with a Content Conditioned Style Encoder},
  author={Saito, Kuniaki and Saenko, Kate and Liu, Ming-Yu},
  booktitle={European Conference on Computer Vision},
  pages={382--398},
  year={2020},
  organization={Springer}
}

@inproceedings{anokhin2020high,
  title={High-Resolution Daytime Translation Without Domain Labels},
  author={Anokhin, Ivan and Solovev, Pavel and Korzhenkov, Denis and Kharlamov, Alexey and Khakhulin, Taras and Silvestrov, Aleksei and Nikolenko, Sergey and Lempitsky, Victor and Sterkin, Gleb},
  booktitle={Proceedings of the IEEE/CVF Conference on Computer Vision and Pattern Recognition},
  pages={7488--7497},
  year={2020}
}

@inproceedings{ledig2017photo,
  title={Photo-Realistic Single Image Super-Resolution Using a Generative Adversarial Network},
  author={Ledig, Christian and Theis, Lucas and Husz{\'a}r, Ferenc and Caballero, Jose and Cunningham, Andrew and Acosta, Alejandro and Aitken, Andrew and Tejani, Alykhan and Totz, Johannes and Wang, Zehan and others},
  booktitle={Proceedings of the IEEE conference on computer vision and pattern recognition},
  pages={4681--4690},
  year={2017}
}

@article{demir2018patch,
  title={Patch-Based Image Inpainting with Generative Adversarial Networks},
  author={Demir, Ugur and Unal, Gozde},
  journal={arXiv preprint arXiv:1803.07422},
  year={2018}
}

@article{heusel2017gans,
  title={GANs Trained by a Two Time-Scale Update Rule Converge to a Local Nash Equilibrium},
  author={Heusel, Martin and Ramsauer, Hubert and Unterthiner, Thomas and Nessler, Bernhard and Hochreiter, Sepp},
  journal={Advances in neural information processing systems},
  volume={30},
  year={2017}
}

@inproceedings{shaham2019singan,
  title={Singan: Learning a Generative Model from a Single Natural Image},
  author={Shaham, Tamar Rott and Dekel, Tali and Michaeli, Tomer},
  booktitle={Proceedings of the IEEE/CVF International Conference on Computer Vision},
  pages={4570--4580},
  year={2019}
}

@inproceedings{he2016deep,
  title={Deep Residual Learning for Image Recognition},
  author={He, Kaiming and Zhang, Xiangyu and Ren, Shaoqing and Sun, Jian},
  booktitle={Proceedings of the IEEE conference on computer vision and pattern recognition},
  pages={770--778},
  year={2016}
}

@inproceedings{johnson2016perceptual,
  title={Perceptual Losses for Real-Time Style Transfer and Super-Resolution},
  author={Johnson, Justin and Alahi, Alexandre and Fei-Fei, Li},
  booktitle={European conference on computer vision},
  pages={694--711},
  year={2016},
  organization={Springer}
}

@article{kingma2019introduction,
  title={An Introduction to Variational Autoencoders},
  author={Kingma, Diederik P and Welling, Max},
  journal={arXiv preprint arXiv:1906.02691},
  year={2019}
}

@book{goodfellow2016deep,
    title={Deep Learning},
    author={Ian Goodfellow and Yoshua Bengio and Aaron Courville},
    publisher={MIT Press},
    note={\url{http://www.deeplearningbook.org}},
    year={2016}
}

@article{dumoulin2016guide,
  title={A Guide to Convolution Arithmetic for Deep Learning},
  author={Dumoulin, Vincent and Visin, Francesco},
  journal={arXiv preprint arXiv:1603.07285},
  year={2016}
}

@article{kingma2014adam,
  title={Adam: A Method for Stochastic Optimization},
  author={Kingma, Diederik P and Ba, Jimmy},
  journal={arXiv preprint arXiv:1412.6980},
  year={2014}
}

@inproceedings{szegedy2015going,
  title={Going deeper with convolutions},
  author={Szegedy, Christian and Liu, Wei and Jia, Yangqing and Sermanet, Pierre and Reed, Scott and Anguelov, Dragomir and Erhan, Dumitru and Vanhoucke, Vincent and Rabinovich, Andrew},
  booktitle={Proceedings of the IEEE conference on computer vision and pattern recognition},
  pages={1--9},
  year={2015}
}

@article{simonyan2014very,
  title={Very Deep Convolutional Networks for Large-Scale Image Recognition},
  author={Simonyan, Karen and Zisserman, Andrew},
  journal={arXiv preprint arXiv:1409.1556},
  year={2014}
}

@article{russakovsky2015imagenet,
  title={Imagenet Large Scale Visual Recognition Challenge},
  author={Russakovsky, Olga and Deng, Jia and Su, Hao and Krause, Jonathan and Satheesh, Sanjeev and Ma, Sean and Huang, Zhiheng and Karpathy, Andrej and Khosla, Aditya and Bernstein, Michael and others},
  journal={International journal of computer vision},
  volume={115},
  number={3},
  pages={211--252},
  year={2015},
  publisher={Springer}
}

